
<record>
  <controlfield tag="001">250569</controlfield>
  <datafield tag="035" ind1=" " ind2=" ">
    <subfield code="z">D87-09792</subfield>
    <subfield code="9">DESY</subfield>
  </datafield>
  <datafield tag="035" ind1=" " ind2=" ">
    <subfield code="a">Braunschweig:1987au</subfield>
    <subfield code="9">SPIRESTeX</subfield>
  </datafield>
  <datafield tag="245" ind1=" " ind2=" ">
    <subfield code="a">COMPARISON OF THE CHARGED MULTIPLICITY DISTRIBUTIONS TO THE NEGATIVE BINOMIAL DISTRIBUTIONS</subfield>
  </datafield>
  <datafield tag="710" ind1=" " ind2=" ">
    <subfield code="g">TASSO</subfield>
  </datafield>
</record>