
<record>
  <controlfield tag="001">250568</controlfield>
  <datafield tag="035" ind1=" " ind2=" ">
    <subfield code="z">D87-09791</subfield>
    <subfield code="9">DESY</subfield>
  </datafield>
  <datafield tag="035" ind1=" " ind2=" ">
    <subfield code="a">Braunschweig:1987at</subfield>
    <subfield code="9">SPIRESTeX</subfield>
  </datafield>
  <datafield tag="245" ind1=" " ind2=" ">
    <subfield code="a">EVIDENCE FOR QUARK BREMSSTRAHLUNG</subfield>
  </datafield>
  <datafield tag="710" ind1=" " ind2=" ">
    <subfield code="g">TASSO</subfield>
  </datafield>
</record>