
<record>
  <controlfield tag="001">253409</controlfield>
  <datafield tag="035" ind1=" " ind2=" ">
    <subfield code="z">D87-09818</subfield>
    <subfield code="9">DESY</subfield>
  </datafield>
  <datafield tag="035" ind1=" " ind2=" ">
    <subfield code="a">Braunschweig:1987gx</subfield>
    <subfield code="9">SPIRESTeX</subfield>
  </datafield>
  <datafield tag="245" ind1=" " ind2=" ">
    <subfield code="a">DETERMINATION OF THE AVERAGE LIFETIME OF BOTTOM HADRONS.</subfield>
  </datafield>
  <datafield tag="710" ind1=" " ind2=" ">
    <subfield code="g">TASSO</subfield>
  </datafield>
</record>