
<record>
  <controlfield tag="001">253406</controlfield>
  <datafield tag="035" ind1=" " ind2=" ">
    <subfield code="z">D87-09794</subfield>
    <subfield code="9">DESY</subfield>
  </datafield>
  <datafield tag="035" ind1=" " ind2=" ">
    <subfield code="a">Braunschweig:1987gu</subfield>
    <subfield code="9">SPIRESTeX</subfield>
  </datafield>
  <datafield tag="245" ind1=" " ind2=" ">
    <subfield code="a">MULTICLUSTER ANALYSIS OF HADRONIC DATA AT C.M. ENERGIES BETWEEN 12-GEV AND 46.8-GEV</subfield>
  </datafield>
  <datafield tag="710" ind1=" " ind2=" ">
    <subfield code="g">TASSO</subfield>
  </datafield>
</record>